3667 5700
235 392 287 452 128
401 424 405 432 ·
535 397 693 454 CERVUS.

323 610 350 661 lr.
370 609 430 661 222.
450 639 480 648 -
504 610 581 662 Liber
599 613 630 663 V.
651 614 683 663 do
702 612 729 664 lx.
748 611 807 665 248.
829 641 861 649 —
881 614 961 665 Liber

322 684 343 733 l.
364 680 440 733 karta
460 680 482 733 1.
503 699 621 746 aaczyna
639 686 686 751 sie,
701 684 752 748 jak
771 686 959 749 wspomniena.

322 761 468 819 sygnaturq
492 753 606 804 arkusza
629 756 659 805 B.
685 756 776 806 Zatem
794 755 910 806 arlxnsaa
928 756 959 805 A.

322 824 365 874 nie
384 823 453 887 bylo.

288 895 371 945 butor
394 910 408 943 o
433 895 558 957 wydaeiu
584 903 635 947 tem
660 896 707 947 tat
734 894 812 946 mdwi
830 913 853 945 w
871 897 960 961 praed·

320 966 412 1015 mowie
444 966 583 1029 (pisownis
613 967 879 1031 amoderniaowana):
918 966 961 1018 Ad

323 1036 497 1086 clarissimum
511 1038 636 1087 Senatum
650 1038 829 1103 Populumque
841 1038 961 1103 Leopoli·

323 1122 411 1157 ensem
430 1108 457 1156 in
476 1106 583 1159 Russia:
603 1109 631 1157 in
643 1110 814 1173 Farraginem
827 1110 960 1159 achonum

323 1178 386 1227 iuris
396 1178 481 1228 civilis
490 1180 597 1229 Ioannis
607 1179 685 1230 Cervi
694 1180 875 1231 Tueholiensis
885 1182 961 1231 Prae-

322 1249 395 1299 fatio.
405 1250 463 1299 Iam
473 1250 535 1299 olim
544 1248 683 1301 clarissimi
690 1252 749 1313 viri,
759 1251 898 1302 Florianus
906 1250 961 1301 Un-

321 1320 427 1385 glerius‚
439 1320 539 1385 origine
551 1323 683 1385 Bararus,
696 1322 887 1387 Typographus
901 1324 961 1373 Cra·

324 1391 426 1442 covien.
454 1392 494 1441 vir
517 1393 550 1441 ob
574 1408 674 1443 morum
692 1409 744 1443 non
763 1393 898 1459 vulgarem
917 1409 959 1444 oo·

324 1462 456 1525 mitatem,
492 1464 670 1528 bonarumque
701 1464 797 1514 artium
828 1464 960 1529 peritiam,

323 1532 481 1597 sempiterna
504 1536 627 1585 memoria
650 1534 758 1600 dignus:
783 1535 848 1599 jura
871 1542 962 1588 nostra

324 1604 419 1668 patria,
439 1604 466 1653 in
485 1602 574 1654 libello
593 1605 714 1670 quodam,
733 1606 777 1655 cui
796 1606 902 1657 titulum
921 1607 959 1656 as-

323 1673 406 1735 finxit,
420 1676 537 1739 Farrago
549 1677 681 1726 actionum
692 1676 763 1726 Juris
776 1676 867 1726 Civilis
877 1676 961 1725 Theu-

323 1746 406 1795 tonici
429 1746 678 1811 Maydeburgensis‚
707 1748 793 1798 studio
817 1748 961 1798 tumultua-

324 1816 363 1865 rio
390 1832 537 1880 perperam,
565 1834 613 1869 uec
639 1823 709 1869 recto
732 1818 822 1867 ordine
840 1818 960 1882 collecta,

324 1887 435 1951 epistola
452 1903 511 1937 mea
529 1888 557 1937 in
576 1890 661 1939 fronte
680 1888 814 1953 adjuncta,
833 1890 962 1954 exempla-

323 1958 395 2007 ribus
414 1958 469 2009 fere
488 1958 631 2009 innumeris
655 1960 683 2008 in
708 1958 841 2023 publicum
868 1961 962 2024 produ·

323 2030 377 2091 xit,
396 2044 438 2079 me
457 2035 513 2078 tum
532 2031 691 2081 conantium
709 2031 809 2083 frustra
827 2031 962 2094 suadente,

266 2152 278 2173 ⁶
323 2115 355 2149 ac
373 2101 406 2150 ab
424 2099 530 2150 inimico
543 2102 647 2167 quidem
660 2110 796 2167 sperante,
817 2102 963 2165 impensum

324 2170 402 2220 simul
420 2185 452 2220 au
470 2186 588 2235 operam,
616 2172 667 2223 hae
692 2174 719 2221 iu
737 2189 765 2223 re
784 2173 888 2236 penitus
906 2188 963 2237 per·

324 2241 408 2291 ditum
428 2240 473 2293 iri:
493 2243 544 2293 Sed
563 2244 715 2307 invulgatus
734 2244 819 2293 malus
831 2244 897 2294 liber
909 2243 964 2307 opi-

325 2312 432 2362 nionem
450 2328 536 2363 meam
548 2312 625 2378 longe
638 2313 743 2365 fefellit:
765 2315 883 2379 protinus
895 2315 965 2365 enim

326 2383 353 2431 in
372 2388 475 2433 tantam
494 2384 627 2434 bominum
646 2385 760 2449 gratiam
778 2386 915 2449 concessit,
935 2391 965 2435 ut

326 2454 397 2502 intra
415 2461 552 2515 semestre,
581 2455 739 2519 exemplaria
765 2456 835 2521 typis
859 2471 964 2517 excusa,

325 2539 378 2573 non
396 2524 452 2573 sine
471 2525 543 2575 lucro
561 2525 678 2591 ejusdem
697 2526 853 2591 typographi
871 2527 966 2577 distru-

326 2594 499 2655 statuerint,
530 2610 582 2659 quo
600 2595 646 2647 ille
664 2603 750 2647 motus
769 2598 803 2647 ad
823 2598 966 2648 secundam

326 2665 468 2715 editionem
496 2675 558 2717 ante
585 2668 738 2717 sexennium
764 2683 791 2717 se
816 2668 965 2735 accingens,

325 2742 391 2786 tuuc
409 2738 531 2801 temporis
553 2754 594 2787 me
618 2738 651 2787 ad
676 2740 799 2789 Russiam
818 2740 965 2799 abeuntem,

326 2809 415 2858 crebro
432 2814 527 2875 rogatu
546 2808 685 2874 adigebat,
712 2816 743 2860 ut
761 2825 818 2860 meo
835 2811 966 2862 arbitratu

326 2879 421 2928 librum
440 2895 457 2929 a
474 2881 578 2930 mundis
596 2896 744 2946 purgarem,
764 2897 832 2946 quae
845 2882 966 2932 deessent

324 2949 462 3013 adderem,
496 2966 563 3016 quae
597 2959 763 3016 superessent
795 2952 965 3003 detraherem.

323 3021 425 3085 Negavi
455 3026 510 3070 tam
537 3038 644 3086 propere
672 3023 699 3073 id
728 3039 768 3073 me
786 3039 862 3088 posse
879 3026 965 3074 factu·

323 3107 394 3156 rum,
421 3090 548 3143 reducens
567 3093 594 3141 in
612 3094 762 3145 memoriam
780 3094 878 3144 homini
897 3095 965 3145 faee-

324 3171 359 3226 to‚
378 3177 508 3228 quocum
527 3164 726 3215 familiarissime
744 3165 807 3229 vixi,
826 3165 893 3215 illud
911 3165 966 3215 dia-

326 3239 383 3283 tum
401 3234 556 3286 iocantium:
576 3235 657 3286 Canis
676 3235 805 3286 festinans
816 3251 907 3287 coecos
919 3251 965 3299 pa-

324 3305 359 3354 rit
387 3304 532 3356 catulos.
561 3305 706 3356 Discedens
735 3308 842 3374 tandem
870 3307 965 3357 Cracc-

323 3375 382 3437 ria,
403 3375 468 3426 serio
486 3374 560 3425 illurn
580 3377 719 3440 admonui,
738 3394 772 3428 ne
791 3377 854 3442 quid
872 3377 964 3440 hujus·
990 3423 994 3429 .

324 3446 392 3496 modi
421 3462 552 3511 nugarum
580 3463 638 3498 meo
665 3445 784 3511 nomine,
812 3449 965 3512 praesertim

323 3533 365 3566 me
383 3517 475 3582 inscio,
508 3519 536 3568 in
556 3518 640 3569 lucem
659 3527 821 3583 expromeret
838 3519 908 3584 quod
938 3529 965 3569 et

324 3587 392 3638 fecit.
431 3587 500 3638 Nam
522 3590 550 3638 in
582 3590 698 3640 secunda
721 3591 834 3640 editione
860 3589 965 3640 sublata

325 3673 384 3708 mea
402 3658 526 3722 epistola,
545 3660 673 3725 tituloque
692 3677 723 3710 ex
741 3667 816 3726 parte
834 3667 965 3725 permuta·

323 3735 358 3791 tu,
378 3730 559 3780 tantummodo
583 3732 709 3782 asseruit:
733 3747 798 3796 opus
817 3747 833 3781 a
852 3747 899 3781 suo
918 3746 965 3781 au·

326 3799 398 3850 thore
417 3815 473 3850 esse
491 3807 599 3850 auctum
617 3808 644 3851 et
662 3803 836 3852 emendatum.
861 3803 965 3852 Mortuo

324 3870 418 3919 deinde
445 3871 577 3932 Floriano,
605 3872 672 3922 alter
695 3872 802 3937 quidam
830 3871 965 3923 famelicus

325 3940 504 4004 typographus
529 3943 688 3992 subadorata
711 3942 828 3994 utilitate
846 3959 914 4008 quae
933 3961 965 3994 ex

324 4009 374 4060 hoc
399 4011 433 4060 ad
456 4010 530 4060 illum
554 4013 708 4063 defunctum
731 4014 847 4065 manavit
870 4014 966 4077 majori

326 4096 371 4144 spe
390 4088 527 4146 quaestus,
556 4099 634 4147 qnam
659 4085 740 4134 etiam
758 4101 806 4148 par
823 4091 892 4148 erat,
921 4085 965 4135 ad-

327 4151 435 4214 ductus,
449 4167 506 4201 eum
518 4153 617 4216 injuria
632 4155 759 4205 Dominae
772 4155 890 4206 Helenae
904 4155 964 4205 Flo

325 4221 395 4271 riani
414 4221 509 4273 viduae
528 4224 652 4284 relictae,
670 4233 806 4276 matronae
824 4225 906 4275 nobili
925 4228 965 4276 ia·

324 4292 399 4341 milia
410 4300 490 4342 natae
503 4293 535 4343 de
547 4309 639 4359 meque
653 4296 748 4359 optime
761 4297 877 4355 meritae,
891 4313 965 4361 prae-

325 4363 360 4412 lis
378 4363 433 4412 suis
452 4363 546 4414 librum
566 4367 641 4415 tertio
661 4366 776 4418 tradidit.
797 4367 878 4432 (hrjus
896 4368 965 4430 inju-

327 4434 367 4482 ria
385 4449 433 4500 ego
452 4434 604 4494 lacessitus,
624 4443 651 4486 et
668 4439 805 4501 praecibus
824 4438 902 4502 plane
922 4453 965 4488 co·

328 4509 417 4565 aetus,
437 4521 513 4570 opere
531 4506 647 4570 precium
667 4508 813 4558 existimavi
826 4523 867 4558 me
881 4511 966 4558 factu·

328 4589 398 4639 mm,
418 4575 439 4623 si
458 4574 586 4626 suffiueto
604 4577 639 4627 ab
657 4577 732 4642 aliis,
751 4579 846 4641 quibus
864 4580 966 4643 obruor,

327 4644 453 4708 negotiis,
479 4644 580 4709 labore,
607 4647 717 4698 formam
737 4651 839 4700 brevem
858 4664 890 4699 ao
910 4665 967 4700 suo·

327 4713 456 4778 cinctam,
477 4711 509 4766 ex
525 4716 642 4780 juribus,
662 4719 777 4783 legibus,
803 4719 967 4770 constitutio-

328 4785 418 4848 nibus,
446 4794 500 4836 tam
524 4788 727 4851 provincialibus
756 4805 834 4855 quam
859 4791 967 4841 munici-

328 4855 440 4920 palibus,
450 4857 610 4921 conficerem,
618 4859 713 4924 quibus
721 4861 855 4922 Civitates,
865 4861 968 4926 Oppida

330 4933 356 4976 et
374 4927 460 4976 Villae
478 4927 506 4976 in
524 4929 616 4994 Regno
636 4931 758 4981 Polonire
777 4940 804 4982 et
816 4933 843 4981 in
857 4930 916 4981 aliis
929 4934 967 4981 vi-

329 4996 395 5046 cinis
405 4997 547 5060 provinciis
556 5007 691 5053 utuntur...
703 5030 733 5038 -
744 5001 877 5065 Pokazuje
887 5003 969 5068 siete-

329 5066 362 5134 dy
382 5083 396 5115 z
415 5067 550 5134 wiasnych
569 5071 696 5136 wyrundus
709 5071 901 5136 Tachoioaylra,
917 5075 969 5138 jak

1281 404 1437 457 CERVUS.

1085 614 1180 678 nalety
1203 612 1312 667 nwatad
1330 623 1388 680 tray
1406 616 1529 680 pierwsae
1546 615 1647 681 edycye
1666 622 1728 681 tego

1085 686 1185 751 daieia,
1212 687 1222 736 i
1243 686 1294 751 jair
1318 688 1425 752 plonius
1443 687 1617 739 Bentlrowslxi
1634 688 1727 751 pierw-

1085 773 1128 807 sue
1157 758 1292 821 wydanie,
1320 774 1355 809 na
1382 758 1458 809 ktbre
1484 758 1656 821 *liuchulcayk
1683 758 1728 807 nie

1085 828 1223 892 wptywet,
1242 845 1274 879 aa
1293 830 1389 880 bardae
1406 831 1497 880 watne
1509 829 1619 896 osqduil.
1640 828 1728 879 Nadto

1086 916 1100 947 a
1126 898 1160 963 tej
1185 901 1350 964 praedmowy
1375 899 1513 963 wyiwieca
1542 901 1581 966 siq
1607 899 1727 963 historya

1085 975 1146 1034 tego
1165 969 1258 1021 dzieis.
1277 971 1357 1021 Prusa
1376 987 1490 1035 wyrazy:
1508 973 1571 1022 Jam
1589 970 1654 1020 oiim
1673 971 1729 1021 Un-

1084 1040 1183 1104 gleriua
1201 1041 1247 1092 itd.
1266 1043 1381 1093 rozumie
1400 1044 1439 1109 siq
1457 1056 1582 1107 zapewne
1600 1043 1727 1106 pierwsae

1085 1112 1207 1176 wydanie
1227 1111 1293 1163 1531
1307 1129 1328 1163 r.
1347 1114 1447 1179 Drugie
1460 1113 1581 1177 wydanie
1599 1128 1678 1177 praes
1690 1120 1728 1161 te·

1085 1185 1134 1247 got
1153 1182 1270 1247 Unglera
1289 1184 1337 1234 bez
1349 1185 1412 1234 lietu
1425 1184 1611 1249 Tucholcayka
1628 1183 1728 1247 wysrlo

1086 1252 1163 1305 1535.
1183 1252 1290 1304 Trzecie
1305 1256 1353 1318 jut
1372 1271 1404 1319 po
1417 1254 1519 1306 imierci
1533 1255 1656 1321 Unglera
1674 1270 1729 1318 wy-

1086 1324 1144 1373 dal:
1160 1323 1227 1374 alter
1239 1325 1346 1387 quidam
1360 1327 1497 1377 famelicus
1510 1325 1726 1391 typographus

1075 1392 1185 1459 ’(1539),
1205 1398 1358 1460 Ozwartem,
1377 1396 1454 1447 ktdre
1471 1412 1552 1463 pracq
1564 1396 1730 1460 Tnchulcay·

1086 1464 1123 1515 ka
1140 1465 1339 1518 ndoskoualone
1351 1467 1362 1518 i
1373 1471 1537 1531 pomnotone
1555 1468 1666 1528 aestaio,
1676 1468 1732 1532 jest

1085 1535 1207 1600 wydanie
1224 1553 1246 1587 r.
1267 1537 1344 1590 1540.
1363 1540 1414 1589 Oto
1429 1539 1480 1603 jak
1499 1555 1555 1590 sam
1574 1556 1590 1588 o
1603 1539 1679 1589 sobie
1691 1537 1730 1602 pi·

1085 1622 1141 1657 sae:
1161 1608 1256 1658 Sextus
1276 1609 1318 1659 hic
1336 1611 1425 1674 agitur
1442 1626 1543 1674 annus,
1563 1618 1593 1659 nt
1611 1610 1680 1660 duce
1698 1623 1731 1659 ac

1086 1678 1193 1743 auspice
1220 1678 1327 1730 andrea
1350 1681 1460 1731 Habrelx
1477 1682 1534 1732 viro
1552 1680 1652 1730 virtute
1670 1678 1731 1729 doc·

1086 1749 1155 1798 trina
1173 1764 1206 1799 ao
1224 1749 1366 1814 prudentia
1383 1752 1523 1817 singulari,
1549 1768 1595 1817 per
1613 1756 1731 1800 reanum

1086 1820 1244 1870 senatorium
1272 1822 1390 1872 ordinem
1415 1823 1558 1874 accessitus
1582 1822 1635 1873 huc
1660 1820 1732 1884 veni,

1085 1890 1274 1942 humanissime
1291 1901 1432 1960 exceptus,
1452 1900 1599 1957 tractatus,
1621 1894 1732 1942 honora·

1086 1962 1175 2025 rioque
1202 1978 1309 2013 munere
1336 1964 1463 2030 donatus,
1500 1965 1616 2015 officium
1643 1969 1733 2014 rectae

1086 2033 1223 2099 formandq
1250 2034 1395 2085 iuuentutis
1423 2037 1455 2086 de
1482 2037 1605 2085 manibus
1632 2034 1730 2084 vestris

1087 2105 1198 2167 suscepi.
1235 2104 1310 2165 Quod
1329 2120 1408 2169 quam
1426 2105 1538 2158 offitiose
1557 2105 1634 2156 annis
1654 2106 1734 2169 quin·

1087 2190 1138 2238 que
1158 2173 1411 2238 administraverim,
1430 2178 1546 2241 vosipsi
1566 2183 1647 2228 testes
1666 2176 1733 2225 estis

1087 2245 1206 2311 preclari.
1227 2247 1296 2308 Quid
1315 2248 1370 2298 dixi
1383 2252 1481 2298 testes?
1499 2249 1590 2312 lapsus
1603 2262 1662 2298 sum
1676 2262 1734 2296 rer·

1088 2316 1129 2379 bo,
1149 2316 1235 2367 dicere
1253 2318 1493 2383 voluipremiorum
1506 2318 1668 2383 promeritis
1683 2318 1734 2368 lar-

1089 2386 1193 2451 gitores.
1213 2389 1323 2439 circiter
1341 2391 1411 2440 enim
1429 2390 1567 2441 biennium
1580 2396 1628 2452 est,
1647 2394 1680 2439 ut
1692 2404 1733 2439 sa-

1088 2458 1234 2508 cerdotium
1252 2460 1315 2510 mihi
1333 2461 1403 2511 ultro
1420 2460 1571 2511 contulistis
1589 2467 1616 2510 et
1634 2461 1663 2510 in
1681 2474 1735 2509 me·

1088 2527 1111 2577 is
1139 2530 1340 2582 necessitatibus
1367 2539 1395 2581 et
1421 2532 1627 2584 aduersitatibus
1658 2530 1734 2580 nullo

1090 2598 1155 2663 loco,
1174 2602 1247 2650 nullo
1267 2609 1393 2667 tempore,
1412 2605 1504 2654 fauore
1522 2611 1548 2654 et
1566 2602 1666 2653 auxilio
1683 2602 1734 2651 mi·

1091 2668 1117 2718 hi
1136 2671 1270 2722 defuistis:
1299 2674 1336 2723 Et
1361 2690 1422 2725 cum
1440 2675 1580 2725 nouissime
1599 2672 1735 2724 intellexi-

1091 2740 1199 2791 stirme
1218 2744 1351 2793 inanimo
1370 2746 1512 2809 statuisse,
1531 2745 1593 2794 hinc
1610 2744 1680 2793 velle
1699 2742 1736 2792 ad

1090 2812 1180 2863 aulam
1199 2814 1341 2878 discedere,
1368 2816 1500 2868 firmatum
1526 2822 1630 2867 matrrro
1649 2815 1738 2865 consi·

1088 2883 1123 2933 lio
1135 2886 1305 2951 patrocinioq.
1319 2888 1522 2954 prestantissimi
1534 2895 1588 2953 atq.
1602 2887 1737 2938 excelleu-

1090 2954 1184 3004 tissimi
1202 2957 1252 3006 viri
1276 2958 1353 3007 Pauli
1371 2958 1469 3008 Tharlo
1488 2975 1506 3009 a
1525 2957 1736 3009 Sacaekaraowi-

1089 3041 1148 3089 oue,
1175 3042 1228 3090 quo
1252 3028 1307 3078 viro
1329 3034 1385 3080 tota
1402 3030 1499 3080 Russia
1518 3031 1622 3094 generis
1640 3027 1737 3079 nobili-

1090 3102 1144 3146 tate
1162 3098 1229 3147 nihil
1246 3098 1326 3149 habet
1344 3099 1488 3164 illustrius,
1507 3101 1561 3166 vitq
1579 3115 1736 3151 aemorum

1088 3168 1217 3231 probitate
1235 3169 1302 3219 nihil
1320 3171 1400 3221 habet
1411 3172 1522 3232 cultius,
1541 3171 1689 3222 eruditione
1703 3186 1738 3220 ac

1090 3239 1222 3289 variarum
1241 3257 1326 3291 rernm
1352 3247 1378 3292 et
1396 3243 1493 3292 artium
1510 3241 1652 3306 multiplici
1672 3257 1735 3305 cog·

1089 3309 1203 3374 uitione,
1230 3311 1299 3361 nihil
1324 3313 1403 3364 habet
1421 3313 1610 3364 excellentius:
1643 3313 1739 3363 oblata

1090 3379 1202 3444 primum
1229 3381 1294 3433 mihi
1317 3383 1345 3433 in
1369 3383 1499 3448 frequenti
1516 3391 1604 3435 vestro
1623 3385 1737 3442 Senatu,

1090 3466 1142 3500 non
1159 3452 1247 3502 minus
1264 3452 1408 3505 honorifica
1427 3471 1505 3521 quam
1524 3455 1585 3505 utili
1603 3455 1736 3506 conditio-

1091 3537 1138 3586 ne,
1158 3523 1260 3574 efficere
1278 3525 1404 3588 curastis,
1431 3533 1461 3576 ut
1479 3540 1534 3578 una
1552 3527 1691 3577 vobiscum
1708 3527 1738 3575 in

1089 3592 1140 3642 hac
1159 3600 1248 3644 vestra
1258 3596 1374 3646 Ciuitate
1389 3597 1629 3662 famigeratissims,
1648 3597 1738 3647 donec

1089 3664 1145 3714 vita
1164 3665 1290 3715 duratura
1308 3673 1388 3726 esset,
1409 3668 1526 3718 uiuerem
1537 3675 1565 3718 et
1577 3667 1737 3719 habitarem.

1088 3735 1139 3784 Pro
1157 3736 1252 3800 quibus
1272 3736 1405 3788 benefimis
1424 3755 1474 3803 ego
1492 3739 1655 3790 ostendendo
1668 3754 1736 3804 erga

1088 3821 1135 3855 vos
1160 3812 1326 3873 vestramque
1355 3810 1545 3874 rempublicam
1568 3810 1740 3875 obseruantiq

1090 3891 1159 3941 meq,
1188 3892 1220 3926 ao
1247 3879 1367 3929 beneuoli
1392 3869 1486 3948 gratiq.
1512 3881 1594 3931 animi
1622 3881 1739 3932 teatinae

1089 3947 1178 4010 nium,
1205 3948 1284 3999 libros
1311 3950 1359 4001 hos
1377 3965 1450 4002 meos
1468 3952 1543 4004 robis
1562 3952 1620 4002 iure
1638 3952 1740 4016 optime

1092 4017 1183 4068 dedico
1202 4026 1250 4070 etc.

1054 4088 1090 4139 W
1109 4089 1244 4153 edycyaeh
1269 4092 1527 4160 popraedaajqcych,
1555 4091 1640 4144 daielo
1665 4092 1742 4143 skla-

1089 4158 1149 4210 duo
1167 4161 1218 4227 siq:
1248 4162 1349 4226 edycya
1367 4164 1495 4228 pierwsaa
1513 4182 1528 4214 a
1546 4164 1635 4214 traech
1647 4163 1740 4230 ksiqg,

1090 4230 1190 4294 edycya
1218 4233 1302 4298 druge
1327 4251 1341 4284 a
1368 4235 1487 4286 cztereoh
1513 4234 1624 4301 (ksiqga
1641 4236 1741 4287 traecia

1091 4317 1114 4348 w
1133 4301 1225 4351 dwdch
1242 4302 1405 4370 caqiciach),
1442 4307 1545 4370 edycya
1571 4307 1673 4357 ucecia
1691 4305 1741 4358 tak

1091 4387 1170 4423 samo.
1195 4375 1327 4437 Wydanie
1346 4375 1393 4426 aas
1411 4377 1554 4441 niniejsze,
1575 4377 1609 4428 do
1628 4375 1740 4443 ktdrego

1091 4443 1130 4507 siq
1154 4443 1325 4509 Tucholcaylr
1348 4448 1504 4512 prayanaje,
1534 4449 1661 4499 anacanie
1680 4464 1741 4499 roa·

1091 4529 1212 4564 szerzone
1229 4531 1274 4565 ma
1292 4517 1372 4582 ksiag
1390 4518 1488 4571 aiedm:
1510 4518 1534 4571 1.
1553 4520 1595 4568 De
1614 4535 1741 4583 processu

1089 4584 1235 4636 iudiciario.
1254 4585 1279 4638 2.
1301 4588 1341 4637 De
1352 4589 1475 4639 Dominio
1493 4604 1583 4639 rernm
1601 4592 1739 4654 acquiren-

1090 4654 1130 4706 do.
1158 4655 1182 4707 3.
1202 4657 1243 4707 De
1262 4659 1447 4710 contractibus.
1475 4658 1501 4711 4.
1523 4662 1563 4710 De
1582 4663 1741 4728 oonmngui-

1091 4726 1177 4777 nitate
1202 4733 1229 4777 et
1247 4728 1385 4780 affinitate.
1423 4730 1448 4781 ὀ.
1468 4732 1509 4781 De
1528 4747 1654 4796 processu
1672 4733 1742 4784 iudi-

1091 4796 1181 4858 ciario‚
1208 4814 1254 4862 per
1276 4801 1403 4864 quosdam
1430 4802 1604 4867 Jurisperitos
1623 4803 1742 4855 incom-

1092 4869 1217 4930 pendium
1243 4871 1350 4920 reducto
1374 4878 1401 4922 et
1424 4887 1471 4936 per
1495 4889 1600 4924 sacram
1629 4876 1742 4941 Regiam

1093 4938 1259 4990 Maiestatem
1288 4942 1414 4992 Poloniae
1442 4945 1596 5008 approbato.
1640 4946 1741 5010 (Tenis

1093 5023 1150 5058 sam
1168 5025 1272 5074 process
1299 5011 1377 5077 lxtory
1396 5013 1434 5078 sie
1458 5014 1584 5080 anajduje
1603 5033 1628 5064 w
1648 5016 1739 5069 Statu-

1093 5079 1155 5130 tach
1181 5081 1332 5148 Zygmunta
1358 5083 1401 5151 L).
1420 5084 1446 5136 6.
1483 5085 1524 5137 De
1549 5089 1692 5139 verborum
1711 5095 1742 5141 et
