3667 5700
339 587 390 641 tini
413 588 596 655 Herhipolens.
632 590 771 643 dednakta
795 592 890 657 edyayi
913 591 975 643 lsra-

344 661 473 728 kowaln'ej
493 662 585 727 daisiaj
604 663 710 728 nigdaie
727 664 771 713 nie
787 679 839 716 rna.

303 734 346 784 Ns
369 732 427 784 ιιι.
455 734 489 801 A⁶
508 732 613 785 wiersz:
633 735 667 786 ad
685 735 815 786 Joannem
839 735 975 786 Albertum

339 803 397 855 Pol
415 820 512 870 regem.
533 806 575 855 Do
593 808 670 871 teget
695 822 731 857 na
749 806 775 856 lr.
795 807 837 875 0,.
855 808 898 859 Na
916 807 974 858 arlr.

339 877 390 927 D.:
409 876 451 927 Ad
469 874 577 941 Sigism.
600 877 730 928 Pusilim
748 878 776 927 in
793 877 901 929 Italiam
919 894 976 943 per·

339 953 452 1011 gentem
472 948 590 999 Wiersae
612 950 774 1014 praewatuie
792 966 808 1001 o
826 950 974 1002 kobietach.

340 1019 382 1069 De
399 1018 486 1084 puella
503 1018 636 1084 amplexu.
655 1021 696 1072 Ad
709 1021 823 1087 puellam
841 1023 976 1087 expressio

340 1090 442 1140 amoris.
468 1090 509 1140 sd
526 1091 630 1142 Deliam
648 1092 785 1158 virginem.
803 1093 923 1145 Puellam
941 1093 976 1145 ad

339 1176 384 1211 rus
401 1160 506 1214 inritat
534 1163 576 1213 Ad
594 1163 691 1229 begam
714 1164 860 1215 veneticam
883 1166 975 1216 mulie-

340 1249 402 1284 rem.
421 1232 580 1285 Adolesoant
592 1234 663 1286 dolet
675 1251 703 1287 sa
715 1251 733 1287 a
745 1236 834 1301 puella
846 1236 974 1290 delusum.

339 1304 373 1354 W
386 1304 510 1356 wiersau:
523 1306 558 1357 ed
571 1306 688 1358 Bachum
700 1309 892 1373 wspomniena:
906 1309 976 1359 Istu-

342 1375 369 1426 la
388 1376 507 1428 Orooam.

301 1445 400 1499 Jocher
427 1445 505 1500 etth.
531 1476 563 1485 -
588 1450 691 1500 Panaer
717 1450 815 1503 Annal.
844 1458 898 1517 typ.
927 1452 974 1503 IV.

339 1516 400 1571 343.
420 1544 453 1557 —
474 1520 625 1572 wtsaniew.
643 1520 686 1570 111
704 1520 767 1574 321.

641 1592 757 1645 Caartor.
778 1622 811 1631 -
830 1595 937 1660 Jagislt.

318 1716 358 1724 —
382 1677 528 1764 Magistri
558 1678 725 1765 Laurentij
756 1681 889 1748 Corvini
911 1684 973 1747 No-

249 1767 425 1832 uoforensis
444 1768 507 1832 uiri
529 1767 715 1854 lepidissimi
738 1770 974 1857 compendiosa

249 1856 404 1921 etfacilis
427 1856 623 1923 diversorum
647 1863 792 1925 carminat
814 1870 974 1925 structura

249 1956 291 2009 01²1
314 1944 467 2031 exemplis
489 1947 662 2031 aptissimis
683 1970 723 2014 ac
745 1949 787 2013 ad
809 1961 919 2033 ungue
943 1972 974 2016 e-

249 2032 399 2099 laboratis
421 2047 589 2121 etpostreo
604 2036 757 2103 breuibus
780 2060 974 2125 cognoscen-

248 2122 361 2189 darum
384 2122 568 2191 sillabarum
592 2127 758 2213 preceptis.
782 2127 835 2192 Ad
855 2128 973 2193 lectore

248 2211 455 2279 tetrastichon
469 2215 511 2280 A.
529 2216 567 2279 F.
591 2216 629 2281 L.
655 2216 718 2299 Qui
740 2228 847 2302 stupet
868 2218 973 2284 Aonia

246 2300 462 2389 placidissima
485 2327 618 2369 munera
640 2305 734 2371 turbe
822 2305 974 2373 Carmina

248 2414 305 2456 sau
328 2391 458 2457 Phoebo
480 2394 601 2479 fingere
623 2394 722 2479 digna
744 2397 833 2482 cupit
896 2396 971 2464 0οι-

246 2481 972 2572 uiniauscnltetmonitistvestigiapandens...

247 2569 393 2635 Condere
415 2592 474 2658 pro
496 2574 578 2639 votis
601 2577 744 2639 camnine
770 2597 896 2662 queque
918 2576 971 2640 do·

247 2667 306 2723 cet.
324 2660 388 2753 (Na
410 2660 545 2743 kotculz
569 2662 689 2747 Liptak
703 2664 892 2749 impressum
914 2687 972 2751 per

247 2745 382 2813 Jacobr's
390 2746 557 2820 Thanner.
580 2761 612 2817 et
634 2752 782 2818 absoluti]
797 2756 888 2819 tertio
907 2754 971 2820 Ka·

247 2836 367 2921 landas,
391 2838 576 2907 Februariis
598 2865 627 2907 a.
652 2841 844 3018 redemptois
874 2848 967 2912 1504.

246 2950 278 2992 ιι
307 2933 377 3013 tce,
401 2926 471 2994 aris.
496 2932 586 3014 a—f5
612 2931 700 3014 (lcart
722 2934 786 2998 31.

299 3019 479 3141 Prpleldmowa:
503 3022 627 3088 gimnasij
650 3021 831 3076 cracoviensis
855 3025 970 3076 Studen-

375 3106 415 3144 ua.

299 3164 342 3214 Na
359 3162 489 3249 oderoeie
506 3171 570 3229 tyt:
589 3165 630 3215 sd
643 3165 839 3251 grammatiatas
850 3168 900 3219 ode
912 3169 969 3234 pin·

300 3234 583 3361 tumninio-ll.
594 3235 893 3433 ffii'll'l'smpn.
908 3309 968 3363 ιιι.

312 3503 355 3513 -
378 3467 486 3532 Tanta
508 3468 607 3555 tytul:
639 3466 756 3555 Liprk,
778 3382 969 3556 impldlsosliim

244 3576 302 3642 per
335 3554 494 3621 Jacobum
527 3555 696 3642 Thamar,
732 3581 816 3624 anno
848 3559 969 3625 domini

247 3646 340 3710 1505.
364 3644 417 3710 die
441 3646 483 3710 33
507 3646 577 3729 (sic)
600 3647 754 3713 Jauuarii.
780 3671 810 3712 ιι
833 3653 902 3714 loe.

297 3736 401 3786 Panaer
418 3735 459 3786 lx
476 3733 536 3793 484.

311 3859 355 3869 -
376 3823 483 3888 Tanta
507 3825 603 3912 tytul:
634 3824 697 3907 (Na
723 3827 871 3914 ostatniaj
896 3827 969 3892 kar-

244 3912 292 3975 cie
308 3910 432 3991 odwr.:)
455 3911 649 3999 Impressum
665 3914 796 3981 Colonia
811 3937 870 4002 per
885 3917 970 3982 Mar·

244 4000 348 4066 tinum
365 4000 406 4066 de
421 4001 600 4068 Werdena:
617 4024 715 4088 prope
738 4004 867 4069 domum
884 4005 968 4072 Con·

243 4089 379 4155 sulatus:
401 4089 437 4155 in
457 4091 529 4156 vico
544 4091 716 4177 Burgensi:
731 4093 797 4159 vel:
822 4094 873 4158 die
888 4095 969 4162 Bur-

244 4191 428 4264 gerstraes:
475 4194 733 4247 commorantem.
778 4181 876 4248 Anno
922 4186 966 4250 M.

243 4268 392 4336 00000.
425 4267 510 4336 VIII
543 4273 664 4354 (1508).
694 4295 725 4336 ιι
752 4277 828 4358 tce,
860 4273 895 4339 lr.
924 4274 967 4339 22

244 4357 550 4514 mel'lddbirypisaniem
574 4450 707 4504 drukaraa
730 4452 876 4519 draeworyt
898 4469 968 4518 wro-

332 4520 414 4572 brata
431 4521 603 4588 mucayoiela
619 4539 656 4575 na
668 4523 793 4576 katedrae
809 4531 969 4592 otocaonepo
1003 4510 1062 4554 ¹¹⁰⁸

331 4593 473 4645 ucznrami.

297 4661 387 4728 Litary
405 4665 436 4715 Δ.
456 4666 487 4716 F.
510 4665 541 4716 L.
568 4663 755 4731 wspbtcaetnie
781 4682 818 4717 na
840 4667 967 4734 agaampl.

333 4735 447 4786 Caartor.
466 4735 640 4801 naupelniono
654 4735 765 4803 pidrem:
784 4739 966 4790 Leonhardus.

296 4806 393 4858 dochar
410 4804 484 4859 6910.
505 4835 537 4844 —
550 4808 652 4859 Panaer
670 4808 707 4858 VI
734 4807 794 4861 364.
815 4835 847 4846 —
867 4811 967 4861 Wierr·

329 4879 396 4930 bow.
417 4876 459 4926 m
478 4879 511 4930 N.
532 4877 611 4930 2053.

310 5057 354 5066 —
388 5018 639 5105 Cosmographia
656 4949 773 5088 effi.
793 4953 967 5089 madidio-

243 5107 361 5176 tionem
383 5109 418 5176 in
432 5109 560 5178 tabulas
578 5109 771 5179 Ptholomei:
800 5113 967 5181 ostenden·

1011 593 1090 658 dens
1111 613 1221 657 omnes
1243 591 1390 677 regiones
1412 601 1515 653 terrae
1531 586 1747 652 habitabiles:

1011 682 1137 747 diversa
1158 680 1291 745 hominu
1315 701 1447 763 genera:
1478 677 1617 743 diversis
1647 677 1747 743 mori·

1012 773 1072 838 bus
1094 782 1127 841 ct
1150 767 1383 835 conditionibus
1399 771 1559 832 virentes:
1582 788 1746 833 annume-

1011 875 1064 926 ras
1095 860 1220 925 diuersa
1252 859 1345 923 aialia
1375 858 1408 922 in
1444 856 1578 921 diuersis
1610 858 1744 942 prouin-

1012 950 1087 1039 oijs:
1110 948 1242 1014 insulas:
1257 950 1370 1013 maria:
1394 947 1541 1011 flumina:
1566 946 1595 1009 dr
1619 952 1740 1009 metes:

1011 1052 1042 1107 et
1065 1039 1203 1124 plurima
1237 1038 1319 1103 scitu
1354 1036 1556 1121 dignissima:
1593 1056 1662 1100 vna
1698 1046 1739 1099 ci'r

1011 1127 1148 1195 nonullis
1172 1125 1456 1214 epigrammatibus
1472 1133 1504 1189 et
1526 1122 1738 1188 carminibus.

1012 1222 1075 1285 Bez
1100 1240 1178 1306 wyr.
1204 1240 1244 1282 m.
1269 1217 1280 1279 i
1302 1238 1328 1279 r.
1354 1218 1469 1298 wios,
1492 1211 1568 1278 lsart
1590 1213 1657 1278 nlb.
1685 1216 1737 1279 55.

1011 1313 1064 1397 (po
1088 1310 1129 1373 37
1153 1307 1286 1387 wierszy
1310 1327 1340 1369 rr
1363 1303 1549 1380 kolnmnie).

1063 1396 1228 1462 Dedykecya
1248 1394 1431 1447 Hartmanorri
1449 1393 1481 1443 de
1500 1392 1636 1458 Eptingen
1654 1391 1738 1442 kano-

1099 1468 1197 1519 nikorri
1215 1466 1424 1532 baaylajskiamu
1441 1480 1518 1531 praes
1537 1462 1668 1527 Hanryka
1688 1464 1736 1514 Be-

1096 1539 1138 1591 bel
1149 1540 1319 1605 lustingesis.
1336 1538 1470 1589 wiersaam
1482 1538 1491 1587 i
1504 1552 1583 1602 prosa
1596 1535 1736 1587 datorum

1098 1611 1218 1662 Basileus
1239 1608 1315 1663 1496.
1333 1610 1369 1659 W
1382 1608 1550 1675 prrypisanin
1568 1614 1622 1657 tem
1641 1605 1736 1657 mdrri:

1097 1683 1197 1735 Dedico
1215 1689 1261 1733 tuo
1273 1681 1374 1733 nomini
1385 1680 1455 1731 hune
1468 1678 1643 1731 eaeueuum
1657 1693 1733 1741 quem

1097 1770 1180 1819 nuper
1199 1770 1229 1805 ex
1249 1752 1378 1804 &sooria
1400 1751 1544 1817 deportari.
1573 1750 1734 1801 Laurenfiua

1097 1826 1226 1877 Corvinus
1245 1826 1278 1877 de
1295 1824 1427 1875 Nouoforn
1441 1822 1551 1876 Sileeiae
1570 1820 1644 1885 urbe,
1661 1835 1734 1886 prae·

1098 1904 1185 1962 ceptor
1203 1912 1276 1948 meus
1285 1896 1397 1947 eundem
1407 1894 1560 1959 composuit.
1571 1921 1602 1929 -
1613 1894 1656 1943 Na
1674 1892 1732 1943 kar·

1097 1969 1138 2020 cie
1156 1968 1279 2033 crwanej
1296 1964 1350 2033 jast
1362 1966 1574 2017 Penthametrum
1587 1964 1733 2029 elegiacam

1097 2042 1169 2105 Mag.
1188 2039 1217 2089 L.
1238 2038 1345 2091 Corvini
1366 2038 1395 2089 in
1414 2038 1491 2089 Alma
1507 2035 1655 2087 Academia
1672 2036 1732 2087 Ora·

1098 2110 1228 2163 ooriensi:
1253 2125 1304 2176 quo
1326 2109 1424 2161 laboris
1449 2109 1490 2159 sui
1517 2108 1667 2171 subiectam
1690 2106 1731 2157 de·

1098 2184 1213 2235 scribens
1239 2182 1391 2241 materiem,
1419 2180 1585 2245 optimarinrn
1623 2178 1730 2229 artium:

1097 2254 1217 2306 alumnos
1245 2253 1323 2305 simul
1346 2254 1466 2303 hortatur
1491 2258 1523 2301 ut
1546 2251 1605 2315 ejus
1630 2266 1730 2315 operans

1097 2327 1150 2378 sibi
1173 2325 1272 2376 ducant
1296 2324 1499 2375 comodatnram.

1061 2398 1096 2448 W
1114 2398 1224 2449 wiersan
1242 2396 1275 2447 do
1293 2397 1462 2447 Hartmanna
1474 2393 1518 2463 (ιιι
1529 2394 1557 2443 k.
1570 2391 1609 2456 4.)
1624 2392 1729 2443 Konin

1093 2468 1151 2531 jsst
1168 2483 1311 2532 naawany:
1331 2468 1450 2519 Sarmata
1469 2466 1572 2517 doetus.

1095 2610 1168 2664 lunia
1186 2620 1213 2662 et
1231 2610 1360 2663 Oracoria
1378 2608 1422 2675 (25
1441 2606 1525 2675 stret).
1564 2606 1643 2671 Dalej
1664 2607 1728 2657 idaia

1096 2684 1201 2735 wiersa:
1229 2682 1261 2732 In
1287 2681 1377 2733 natale
1396 2680 1481 2732 solum
1498 2679 1568 2746 quod
1588 2678 1728 2729 Nornmto-

1093 2772 1151 2806 rum
1170 2753 1328 2820 perhibetur.

1059 2824 1168 2893 Kohery
1186 2826 1270 2878 drielo
1295 2838 1441 2891 praemowa
1459 2824 1469 2875 i
1486 2822 1579 2875 wiersa
1608 2822 1729 2874 Harma·

1093 2915 1129 2950 na
1146 2900 1277 2964 Eptingen
1295 2896 1329 2948 do
1347 2897 1429 2948 Heur.
1454 2896 1551 2947 Bebala
1572 2895 1730 2962 Juatingan„

1094 2973 1158 3037 prot
1177 2969 1283 3036 poetylri
1303 2985 1326 3020 ιι
1344 2969 1424 3019 unirr.
1442 2984 1465 3016 ιι
1479 2967 1625 3031 Tybindae.
1643 2967 1678 3016 W
1696 2967 1730 3032 p·-

1094 3043 1158 3095 imie
1183 3053 1235 3092 tem
1259 3039 1387 3106 podaiwia
1410 3055 1445 3090 on
1468 3039 1598 3090 Korwina
1621 3039 1631 3088 i
1657 3037 1730 3090 dmrri

1095 3115 1132 3181 sip
1150 3117 1192 3166 te:
1211 3120 1241 3164 ut
1258 3112 1353 3164 mirum
1378 3111 1451 3161 dictu
1475 3111 1525 3167 sit:
1548 3108 1682 3160 hominem
1706 3109 1730 3160 in

1093 3185 1180 3236 media
1203 3183 1243 3253 (ut
1274 3185 1312 3234 lta
1334 3181 1453 3249 dixerim)
1480 3181 1616 3233 Barbarie:
1644 3189 1672 3233 et
1695 3182 1729 3232 in-

1093 3265 1134 3308 ter
1152 3255 1325 3308 tarooissimos
1343 3254 1477 3305 Βιιιιιιιιι
1495 3252 1637 3317 educatus,
1658 3261 1730 3304 tanta

1093 3328 1230 3394 splendere
1239 3328 1367 3378 bonarum
1379 3325 1476 3378 artium
1492 3325 1644 3378 naeuius...
1664 3327 1730 3378 Gan-

1093 3401 1143 3450 deo
1160 3401 1250 3465 itaque
1267 3397 1408 3464 plurimum
1421 3395 1470 3448 hoe
1482 3413 1556 3461 opus,
1575 3395 1605 3446 in
1616 3396 1730 3448 medium

1093 3471 1234 3522 multorum
1257 3471 1340 3528 exire.
1360 3476 1390 3520 ut
1414 3484 1445 3519 eo
1464 3467 1621 3520 terrendum
1643 3475 1731 3519 nostra

1093 3543 1225 3594 demeris
1243 3540 1361 3607 exemplo
1387 3541 1567 3592 Sarmatarum
1593 3540 1688 3604 cupiat
1705 3555 1730 3592 aa

1092 3615 1120 3665 tn
1139 3613 1280 3664 multarum
1298 3613 1394 3663 artium
1412 3611 1588 3676 cognitionem
1607 3611 1730 3662 extollere

1094 3701 1173 3751 seque
1191 3686 1297 3750 penitus
1309 3701 1327 3735 ι
1338 3685 1482 3736 Barbariae
1495 3682 1641 3734 vindicare.

1059 3759 1093 3808 W
1115 3756 1231 3810 arhusan
1253 3758 1308 3822 jsst
1332 3772 1365 3822 po
1383 3754 1400 3808 8
1418 3754 1488 3806 kart.
1507 3754 1613 3806 Arkusa
1631 3755 1665 3806 F.
1689 3769 1730 3804 ma

1092 3828 1156 3880 kert
1173 3827 1198 3882 6.
1218 3825 1349 3880 Koricowe
1368 3827 1385 3879 b
1405 3833 1478 3878 atron
1489 3825 1609 3890 aajmuje
1627 3827 1727 3892 rejeatr,

1093 3901 1210 3952 ostatnia
1228 3899 1307 3951 lrarta
1325 3905 1425 3964 caysta.

1058 3972 1211 4024 Wiarabuw.
1229 3971 1272 4022 111
1295 3971 1328 4022 N.
1357 3969 1435 4022 2026.
1455 3995 1487 4006 -
1506 3965 1619 4032 Jusayr'r.
1638 3969 1652 4019 l
1671 3965 1728 4020 aba

1291 4041 1400 4109 dagiell.
1419 4068 1451 4079 -
1472 4039 1586 4106 Pragslti
1606 4039 1696 4092 Unirr.

1071 4167 1115 4178 -
1138 4129 1259 4196 Cursus
1290 4131 1391 4195 sancti
1427 4129 1657 4192 Bonarenture
1691 4125 1728 4191 da

1005 4221 1150 4306 passione
1173 4219 1293 4285 domini
1318 4240 1392 4283 cum
1407 4216 1588 4284 invitatorio
1613 4216 1727 4281 himnis

1004 4319 1037 4374 et
1059 4310 1192 4375 canticis
1221 4308 1387 4374 Laurentii
1419 4306 1566 4374 Corvini:
1597 4327 1674 4370 enm
1697 4327 1727 4370 e-

1004 4399 1118 4484 pistola
1140 4411 1172 4464 et
1195 4399 1334 4463 carmine
1364 4397 1405 4462 de
1435 4397 1575 4480 gratuita
1605 4396 1668 4460 Dei
1695 4395 1726 4458 in

1084 4487 1310 4554 beneficentia:
1334 4497 1366 4552 et
1382 4484 1595 4552 domatibus
1618 4505 1661 4548 ex
1676 4483 1724 4548 do

1005 4578 1120 4643 minice
1135 4577 1288 4665 passionis
1304 4575 1522 4642 recordatione
1538 4573 1724 4660 provenien·
1806 4603 1807 4644 ι

1003 4667 1098 4735 tibus.
1128 4668 1192 4750 (Na
1223 4667 1359 4749 kohou):
1397 4666 1593 4751 Impresanm
1624 4661 1723 4728 Vrati·

1004 4756 1104 4822 slavia
1133 4758 1166 4821 in
1195 4755 1324 4821 officina
1356 4754 1428 4820 Ado
1459 4754 1595 4838 Dyonis.
1632 4752 1723 4816 Anno
1806 4749 1807 4836 l

1003 4870 1023 4911 a
1046 4846 1213 4912 nativitate
1241 4847 1411 4910 serraturis
1432 4844 1532 4909 nostri
1556 4841 1721 4908 MDXXI.

1003 4937 1120 5020 (1521).
1143 4958 1173 5000 rr
1196 4937 1264 5022 aaa,
1288 4935 1309 5000 3
1332 4933 1476 4998 arknsze.
1806 4983 1807 5008 p

1069 5063 1113 5073 —
1136 5022 1292 5109 Dialogus
1308 5021 1604 5090 carmiuedrsoluta
1615 5021 1721 5086 oratio
1805 5079 1807 5128 l

1002 5135 1043 5180 ne
1076 5114 1249 5184 conflatus:
1288 5111 1328 5180 de
1365 5113 1481 5182 Mentis
1518 5110 1720 5180 saluberrima
1806 5133 1807 5170 ι
